%% AG: some extra bibliography entries 
@incollection{HarBacMou08,
 title = {Testing for Homogeneity with Kernel {F}isher Discriminant Analysis},
 author = {Z. Harchaoui and F. Bach and  E. Moulines},
 booktitle = {NIPS},
 year = {2008}
}

@Article{SugSuzItoKanetal11,
  author = 	 {M. Sugiyama and T. Suzuki and Y. Itoh and T. Kanamori and M.  Kimura},
  title = 	 {Least-squares two-sample test},
  journal = 	 {Neural Networks},
  year = 	 {2011},
  volume = 	 {24},
  number = 	 {7},
  pages = 	 {735--751}
}

@InProceedings{ZhaPetJanSch11,
  author = 	 {K. Zhang and J. Peters and D. Janzing and B.  and B. Sch{\"o}lkopf},
  title = 	 {Kernel-based Conditional Independence Test and Application in Causal Discovery},
 booktitle = {UAI},
  pages = 	 {804-813},
  year = 	 {2011}
}

@article{i._s._borisov_orthogonal_2009,
  title={Orthogonal series and limit theorems for canonical U-and V-statistics of stationary connected observations},
  author={Borisov, I.S. and Volodko, N.V.},
  journal={Siberian Adv. Math.},
  volume={18},
  number={4},
  pages={242--257},
  year={2008}
}

@Article{Lyons13,
  author = 	 {R. Lyons},
  title = 	 {Distance covariance in metric spaces},
  journal = 	 {The Annals of Probability},
  year = 	 {2013},
  volume = 	 {41},
  number = 	 {5},
  pages = 	 {3051--3696}
  }

@Article{SriFukLan11,
  author = 	 {B. Sriperumbudur and K. Fukumizu and G. Lanckriet},
  title = 	 {Universality, Characteristic Kernels and {RKHS} Embedding of Measures},
  journal = 	 jmlr,
  year = 	 {2011},
  volume = 	 {12},
  pages = 	 {2389--2410}
}

%%

@STRING{aos  = {Ann. Statist.} }
@STRING{jmlr    = {J. Mach. Learn. Res.} }
@STRING{nips   = {NIPS} }
@STRING{icml = {ICML} }
@STRING{jasa = {J. Amer. Statist. Assoc.} }

@article{bauwens_multivariate_2006,
	title = {Multivariate {GARCH} models: a survey},
	volume = {21},
	copyright = {Copyright © 2006 John Wiley \& Sons, Ltd.},
	issn = {1099-1255},
	shorttitle = {Multivariate {GARCH} models},
	url = {http://onlinelibrary.wiley.com/doi/10.1002/jae.842/abstract},
	doi = {10.1002/jae.842},
	abstract = {This paper surveys the most important developments in multivariate {ARCH-type} modelling. It reviews the model specifications and inference methods, and identifies likely directions of future research. Copyright © 2006 John Wiley \& Sons, Ltd.},
	language = {en},
	number = {1},
	urldate = {2014-05-04},
	journal = {J. Appl. Econ.},
	author = {Bauwens, L. and Laurent, S. and Rombouts, J.V.K.},
	month = jan,
	year = {2006},
	pages = {79--109},
	file = {Full Text PDF:C:\Users\kcx\AppData\Roaming\Zotero\Zotero\Profiles\210spbme.default\zotero\storage\KIWMZUN3\Bauwens et al. - 2006 - Multivariate GARCH models a survey.pdf:application/pdf;Snapshot:C:\Users\kcx\AppData\Roaming\Zotero\Zotero\Profiles\210spbme.default\zotero\storage\UEQKCJZG\full.html:text/html}
}

@incollection{besserve_statistical_2013,
	title = {Statistical analysis of coupled time series with Kernel Cross-Spectral Density operators},
	url = {http://media.nips.cc/nipsbooks/nipspapers/paper_files/nips26/1197.pdf},
	booktitle = nips,
	author = {Besserve, M. and Logothetis, N.K. and Schölkopf, B.},
	year = {2013},
	pages = {2535–2543}
}

@article{leucht_dependent_2013,
	title = {Dependent wild bootstrap for degenerate {U}- and {V}-statistics},
	volume = {117},
	issn = {0047-{259X}},
	url = {http://www.sciencedirect.com/science/article/pii/S0047259X13000304},
	doi = {10.1016/j.jmva.2013.03.003},
	abstract = {Degenerate {UU-} and {VV-statistics} play an important role in the field of hypothesis testing since numerous test statistics can be formulated in terms of these quantities. Therefore, consistent bootstrap methods for {UU-} and {VV-statistics} can be applied in order to determine critical values for these tests. We prove a new asymptotic result for degenerate {UU-} and {VV-statistics} of weakly dependent random variables. As our main contribution, we propose a new model-free bootstrap method for {UU-} and {VV-statistics} of dependent random variables. Our method is a modification of the dependent wild bootstrap recently proposed by Shao [X. Shao, The dependent wild bootstrap, J. Amer. Statist. Assoc. 105 (2010) 218–235], where we do not directly bootstrap the underlying random variables but the summands of the {UU-} and {VV-statistics.} Asymptotic theory for the original and bootstrap statistics is derived under simple and easily verifiable conditions. We discuss applications to a Cramér–von Mises-type test and a two sample test for the marginal distribution of a time series in detail. The finite sample behavior of the Cramér–von Mises test is explored in a small simulation study. While the empirical size was reasonably close to the nominal one, we obtained nontrivial empirical power in all cases considered.},
	urldate = {2014-05-05},
	journal = {Journal of Multivariate Analysis},
	author = {Leucht, A. and Neumann, M.H.},
	year = {2013},
	keywords = {Bootstrap, Cramér–von Mises test, Two-sample test, U  -statistic, V  -statistic, Weak dependence},
	pages = {257--280},
	file = {ScienceDirect Snapshot:C:\Users\kcx\AppData\Roaming\Zotero\Zotero\Profiles\210spbme.default\zotero\storage\NJUR2Q8K\S0047259X13000304.html:text/html}
}

@book{serfling80,
  title     = {{Approximation Theorems of Mathematical Statistics}},
  publisher = {Wiley},
  year      = {1980},
  author    = {R. Serfling},
  address   = {New York}
}

@Book{BerTho04,
  author =   {A. Berlinet and C. {Thomas-Agnan}},
  title =    {Reproducing Kernel Hilbert Spaces in Probability and Statistics},
  publisher =    {Kluwer},
  year =     {2004},
}

@InProceedings{SmoGreSonSch07,
  author = 	 {A. J  Smola and A. Gretton and L. Song and B. Sch{\"o}lkopf},
  title = 	 {A {H}ilbert Space Embedding for Distributions},
  booktitle = {Algorithmic Learning Theory},
  year = 	 2007,
  publisher = {Springer-Verlag},
  address = {Berlin/Heidelberg},
  pages = {13--31},
  volume = {LNAI4754}}
  
  @inproceedings{gretton_measuring_2005,
  title={Measuring statistical dependence with Hilbert-Schmidt norms},
  author={Gretton, A. and Bousquet, O. and Smola, A. and Sch{\"o}lkopf, B.},
  booktitle={Algorithmic learning theory},
  pages={63--77},
  year={2005},
  organization={Springer}
}

@inproceedings{gretton_kernel_2008,
  title={A Kernel Statistical Test of Independence.},
  author={Gretton, A. and Fukumizu, K. and Teo, C and Song, L. and Sch{\"o}lkopf, B. and Smola, A.},
  booktitle=nips,
  volume={20},
  pages={585--592},
  year={2007}
}

@InProceedings{FukGreSunSch08,
  author    = {K. Fukumizu and A. Gretton and X. Sun and B. Sch{\"o}lkopf},
  title     = {Kernel Measures of Conditional Dependence},
  booktitle = nips,
  year      = {2008},
  pages = {489--496}
}



@Article{SriGreFukLanetal10,
  author={Sriperumbudur, B. and Gretton, A. and Fukumizu, K. and Lanckriet, G. and Sch{\"o}lkopf, B.},
  title = 	 {Hilbert Space Embeddings and Metrics on Probability Measures},
  journal = 	 jmlr,
  year = 	 {2010},
  volume = 	 {11},
  pages = 	 {1517--1561}
}


@inproceedings{chwialkowski2014kernel,
  title={A Kernel Independence Test for Random Processes},
  author={Chwialkowski, K. and Gretton, A.},
   booktitle=icml,
  year={2014}
}


@article{leucht2012degenerate,
  title={Degenerate {U}-and {V}-statistics under weak dependence: Asymptotic theory and bootstrap consistency},
  author={Leucht, A.},
  journal={Bernoulli},
  volume={18},
  number={2},
  pages={552--585},
  year={2012},
  publisher={Bernoulli Society for Mathematical Statistics and Probability}
}


@inproceedings{smola_kernel_2008,
  title={Kernel Measures of Independence for non-iid Data.},
  author={Zhang, X. and Song, L. and Gretton, A. and Smola, A.},
  booktitle=nips,
  volume={22},
  year={2008}
}



@book{dedecker2007weak,
  title={Weak dependence: with examples and applications},
  author={Dedecker, J. and Doukhan, P. and Lang, G. and Louhichi, S. and Prieur, C.}
  volume={190},
  year={2007},
  publisher={Springer}
}

@article{arcones1998law,
  title={THE LAW OF LARGE NUMBERS FOR U--STATISTICS UNDER ABSOLUTE REGULARITY},
  author={Arcones, M.A.},
  journal={Electron. Comm. Probab},
  volume={3},
  pages={13--19},
  year={1998}
}


@article{Shao2010,
author = {Shao, X.},
title = {The Dependent Wild Bootstrap},
journal = jasa,
volume = {105},
number = {489},
pages = {218-235},
year = {2010}
}

@Article{Schweikert2013,
AUTHOR = {Schweikert, Gabriele and Cseke, Botond and Clouaire, Thomas and Bird, Adrian and Sanguinetti, Guido},
TITLE = {{MMDiff: quantitative testing for shape changes in ChIP-Seq data sets}},
JOURNAL = {BMC Genomics},
VOLUME = {14},
YEAR = {2013},
NUMBER = {1},
PAGES = {826},
URL = {http://www.biomedsearch.com/nih/MMDiff-quantitative-testing-shape-changes/24267901.html},
PubMedID = {24267901},
ISSN = {1471-2164},
}

@incollection{Solanki2008,
year={2008},
isbn={978-3-540-88960-1},
booktitle={Information Hiding},
volume={5284},
series={Lecture Notes in Computer Science},
editor={Solanki, Kaushal and Sullivan, Kenneth and Madhow, Upamanyu},
doi={10.1007/978-3-540-88961-8_18},
title={{Benchmarking for Steganography}},
url={http://dx.doi.org/10.1007/978-3-540-88961-8_18},
publisher={Springer Berlin Heidelberg},
author={Pevný, Tomáš and Fridrich, Jessica},
pages={251-267}
}

@Article{SejSriGreFuk13,
  author = 	 {D. Sejdinovic and B. Sriperumbudur and A. Gretton and K. Fukumizu},
  title = 	 {Equivalence of distance-based and {RKHS}-based statistics in hypothesis testing},
  journal = 	 aos,
  year = 	 {2013},
  volume = 	 {41},
  number = {5},
  pages  = {2263-2702},
}

@article{gretton2012kernel,
  title={A kernel two-sample test},
  author={Gretton, A. and Borgwardt, K.M. and Rasch, M.J. and Sch{\"o}lkopf, B. and Smola, A.},
  journal=jmlr,
  volume={13},
  pages={723--773},
  year={2012}
}


@inproceedings{fukumizu2007kernel,
  title={Kernel measures of conditional dependence.},
  author={Fukumizu, K. and Gretton, A. and Sun, X. and Sch{\"o}lkopf, B.},
  booktitle=nips,
  volume={20},
  pages={489--496},
  year={2007}
}

@inproceedings{sejdinovic2013kernel,
  title={A Kernel Test for Three-Variable Interactions},
  author={Sejdinovic, D. and Gretton, A. and Bergsma, W.},
  booktitle=nips,
  pages={1124--1132},
  year={2013}
}

@article{zaremba2014measures,
  title={Measures of Causality in Complex Datasets with application to financial data},
  author={Zaremba, A. and Aste, T.},
  journal={arXiv preprint arXiv:1401.1457},
  year={2014}
}

@book{dudley2002real,
  title={Real analysis and probability},
  author={Dudley, R.M.},
  volume={74},
  year={2002},
  publisher={Cambridge University Press}
}
@article{pickands1975statistical,
  title={Statistical inference using extreme order statistics},
  author={Pickands III, J.},
  journal=aos,
  pages={119--131},
  year={1975},
  publisher={JSTOR}
}

@phdthesis{hehrmannthesis,
    author    = {P. Hehrmann},
    title     = {Pitch Perception as Probabilistic Inference},
    school    = {Gatsby Computational Neuroscience Unit, University College London},
    year     = "2011"
}

@inproceedings{sejdinovic_KAMH,
	title = {{Kernel Adaptive Metropolis-Hastings}},
	booktitle = icml,
	author = {Sejdinovic, D. and Strathmann, H. and Lomeli Garcia, M. and Andrieu, C. and Gretton, A.},
	year = {2014},
}

@article{borovkova2001limit,
  title={Limit theorems for functionals of mixing processes with applications to {U}-statistics and dimension estimation},
  author={Borovkova, S. and Burton, R. and Dehling, H.},
  journal={Trans. Amer. Math. Soc.},
  volume={353},
  number={11},
  pages={4261--4318},
  year={2001}
}

@book{doukhan1994mixing,
  title={Mixing},
  author={Doukhan, P.},
  year={1994},
  publisher={Springer}
}
